<record><leader>00000cas a22000007a 4500</leader><controlfield tag="001">12158430</controlfield><controlfield tag="008">850614d18401855nyuwr ne      0    0eng d</controlfield><datafield ind1=" " ind2=" " tag="010"><subfield code="a">sn 85026332 </subfield></datafield><datafield ind1=" " ind2=" " tag="040"><subfield code="a">NPX</subfield><subfield code="b">eng</subfield><subfield code="c">NPX</subfield><subfield code="d">NYS</subfield><subfield code="d">OCL</subfield><subfield code="d">OCLCQ</subfield><subfield code="d">OCLCF</subfield><subfield code="d">OCLCO</subfield></datafield><datafield ind1=" " ind2=" " tag="042"><subfield code="a">msc</subfield></datafield><datafield ind1=" " ind2=" " tag="043"><subfield code="a">n-us-ny</subfield></datafield><datafield ind1="0" ind2=" " tag="130"><subfield code="a">Cortland Democrat (Cortland, N.Y. : 1840)</subfield></datafield><datafield ind1="1" ind2="4" tag="245"><subfield code="a">The Cortland Democrat.</subfield></datafield><datafield ind1=" " ind2=" " tag="260"><subfield code="a">Cortland Village, Cortland County, N.Y. :</subfield><subfield code="b">Seth Haight, H.W. De Puy</subfield></datafield><datafield ind1=" " ind2=" " tag="300"><subfield code="a">v.</subfield></datafield><datafield ind1=" " ind2=" " tag="310"><subfield code="a">Weekly</subfield></datafield><datafield ind1="0" ind2=" " tag="362"><subfield code="a">Vol. 1, no. 1 (May 12, 1840)-</subfield></datafield><datafield ind1="1" ind2=" " tag="362"><subfield code="a">Ceased in Aug. 1855.</subfield><subfield code="z">Cf. Faibisoff, S.G. Bibl. of newspapers in 14 N.Y. counties.</subfield></datafield><datafield ind1=" " ind2=" " tag="500"><subfield code="a">Publishers: Seth Haight, H.W. De Puy, &lt;1840&gt;; Seth Haight &amp; Co., &lt;1841&gt;; Seth Haight, 1841-&lt;1848&gt;; James S. Leach, &lt;Jan. 4-Dec. 27, 1849&gt;.</subfield></datafield><datafield ind1=" " ind2=" " tag="500"><subfield code="a">"Republican Democracy."</subfield></datafield><datafield ind1=" " ind2=" " tag="515"><subfield code="a">Issues for Jan. 4, 1849-&lt;Dec. 27, 1849&gt; numbered: Vol. 1, no. 1-&lt;v. 1, no. 52&gt;.</subfield></datafield><datafield ind1=" " ind2="0" tag="651"><subfield code="a">Cortland (N.Y.)</subfield><subfield code="v">Newspapers.</subfield></datafield><datafield ind1=" " ind2="7" tag="655"><subfield code="a">Newspapers.</subfield><subfield code="2">fast</subfield><subfield code="0">(OCoLC)fst01423814</subfield></datafield><datafield ind1=" " ind2="7" tag="651"><subfield code="a">New York (State)</subfield><subfield code="z">Cortland.</subfield><subfield code="2">fast</subfield><subfield code="0">(OCoLC)fst01218243</subfield></datafield><datafield ind1=" " ind2=" " tag="752"><subfield code="a">United States</subfield><subfield code="b">New York</subfield><subfield code="c">Cortland</subfield><subfield code="d">Cortland.</subfield></datafield><datafield ind1="0" ind2="0" tag="785"><subfield code="t">Cortland American</subfield><subfield code="w">(DLC)sn 91066300</subfield><subfield code="w">(OCoLC)23850707</subfield></datafield></record>